%%%%%%%%%  Optimal


@article {FalVZ05,
    AUTHOR = {Falgout, Robert D. and Vassilevski, Panayot S. and Zikatanov,
              Ludmil T.},
     TITLE = {On two-grid convergence estimates},
   JOURNAL = {Numer. Linear Algebra Appl.},
  FJOURNAL = {Numerical Linear Algebra with Applications},
    VOLUME = {12},
      YEAR = {2005},
    NUMBER = {5-6},
     PAGES = {471--494},
      ISSN = {1070-5325},
   MRCLASS = {65F10},
  MRNUMBER = {2150164},
MRREVIEWER = {Judith M. Ford},
       DOI = {10.1002/nla.437},
       URL = {https://doi.org/10.1002/nla.437},
}



@article {FalV04,
    AUTHOR = {Falgout, Robert D. and Vassilevski, Panayot S.},
     TITLE = {On generalizing the algebraic multigrid framework},
   JOURNAL = {SIAM J. Numer. Anal.},
  FJOURNAL = {SIAM Journal on Numerical Analysis},
    VOLUME = {42},
      YEAR = {2004},
    NUMBER = {4},
     PAGES = {1669--1693},
      ISSN = {0036-1429},
   MRCLASS = {65F10 (65N55)},
  MRNUMBER = {2114296},
MRREVIEWER = {Brian Bradie},
       DOI = {10.1137/S0036142903429742},
       URL = {https://doi.org/10.1137/S0036142903429742},
}



@book {Vas08,
    AUTHOR = {Vassilevski, Panayot S.},
     TITLE = {Multilevel block factorization preconditioners},
      NOTE = {Matrix-based analysis and algorithms for solving finite
              element equations},
 PUBLISHER = {Springer, New York},
      YEAR = {2008},
     PAGES = {xiv+529},
      ISBN = {978-0-387-71563-6},
   MRCLASS = {65-02 (65F10 65N30)},
  MRNUMBER = {2427040},
MRREVIEWER = {Martin J. Gander},
}


@article {Bra18,
    AUTHOR = {Brannick, James and Cao, Fei and Kahl, Karsten and Falgout,
              Robert D. and Hu, Xiaozhe},
     TITLE = {Optimal interpolation and compatible relaxation in classical
              algebraic multigrid},
   JOURNAL = {SIAM J. Sci. Comput.},
  FJOURNAL = {SIAM Journal on Scientific Computing},
    VOLUME = {40},
      YEAR = {2018},
    NUMBER = {3},
     PAGES = {A1473--A1493},
      ISSN = {1064-8275},
   MRCLASS = {65F10 (65N22 65N55)},
  MRNUMBER = {3805549},
       DOI = {10.1137/17M1123456},
       URL = {https://doi.org/10.1137/17M1123456},
}

@article {BenS97,
    AUTHOR = {Benzi, Michele and Szyld, Daniel B.},
     TITLE = {Existence and uniqueness of splittings for stationary
              iterative methods with applications to alternating methods},
   JOURNAL = {Numer. Math.},
  FJOURNAL = {Numerische Mathematik},
    VOLUME = {76},
      YEAR = {1997},
    NUMBER = {3},
     PAGES = {309--321},
      ISSN = {0029-599X},
   MRCLASS = {65F10 (15A06)},
  MRNUMBER = {1452511},
MRREVIEWER = {Jin Yun Yuan},
       DOI = {10.1007/s002110050265},
       URL = {https://doi.org/10.1007/s002110050265},
}

@article {XuZ17,
    AUTHOR = {Xu, Jinchao and Zikatanov, Ludmil},
     TITLE = {Algebraic multigrid methods},
   JOURNAL = {Acta Numer.},
  FJOURNAL = {Acta Numerica},
    VOLUME = {26},
      YEAR = {2017},
     PAGES = {591--721},
      ISSN = {0962-4929},
   MRCLASS = {65F10 (65N22 65N55)},
  MRNUMBER = {3653855},
MRREVIEWER = {Bruno Carpentieri},
       DOI = {10.1017/S0962492917000083},
       URL = {https://doi.org/10.1017/S0962492917000083},
}



@article {Ben01,
    AUTHOR = {Benzi, Michele and Frommer, Andreas and Nabben, Reinhard and
              Szyld, Daniel B.},
     TITLE = {Algebraic theory of multiplicative {S}chwarz methods},
   JOURNAL = {Numer. Math.},
  FJOURNAL = {Numerische Mathematik},
    VOLUME = {89},
      YEAR = {2001},
    NUMBER = {4},
     PAGES = {605--639},
      ISSN = {0029-599X},
   MRCLASS = {65F10},
  MRNUMBER = {1865505},
       DOI = {10.1007/s002110100275},
       URL = {https://doi.org/10.1007/s002110100275},
}


@article {Zik08,
    AUTHOR = {Zikatanov, Ludmil T.},
     TITLE = {Two-sided bounds on the convergence rate of two-level methods},
   JOURNAL = {Numer. Linear Algebra Appl.},
  FJOURNAL = {Numerical Linear Algebra with Applications},
    VOLUME = {15},
      YEAR = {2008},
    NUMBER = {5},
     PAGES = {439--454},
      ISSN = {1070-5325},
   MRCLASS = {65N30},
  MRNUMBER = {2423514},
       DOI = {10.1002/nla.556},
       URL = {https://doi.org/10.1002/nla.556},
}


 }



%%%%%% recycling


@Article{WanSP07,
  Title                    = {Large-scale topology optimization using preconditioned {K}rylov subspace methods with recycling},
  Author                   = {Wang, Shun and de Sturler, Eric and Paulino, Glaucio H.},
  Journal                  = {Internat. J. Numer. Methods Engrg.},
  Year                     = {2007},
  Number                   = {12},
  Pages                    = {2441--2468},
  Volume                   = {69},

  Coden                    = {IJNMBH},
 % Doi                      = {10.1002/nme.1798},
  File                     = {WanSP07.pdf:WanSP07.pdf:PDF},
  Fjournal                 = {International Journal for Numerical Methods in Engineering},
  ISSN                     = {0029-5981},
  Mrclass                  = {74P15 (65F10)},
  Mrnumber                 = {2302626 (2007m:74111)},
  Url                      = {http://dx.doi.org/10.1002/nme.1798}
}



@article {Soo16,
    AUTHOR = {Soodhalter, Kirk M.},
     TITLE = {Block {K}rylov subspace recycling for shifted systems with
              unrelated right-hand sides},
   JOURNAL = {SIAM J. Sci. Comput.},
  FJOURNAL = {SIAM Journal on Scientific Computing},
    VOLUME = {38},
      YEAR = {2016},
    NUMBER = {1},
     PAGES = {A302--A324},
      ISSN = {1064-8275},
   MRCLASS = {65F10},
  MRNUMBER = {3530183},
MRREVIEWER = {Iveta Hn\v{e}tynkov\'{a}},
 %      DOI = {10.1137/140998214},
       URL = {https://doi.org/10.1137/140998214},
}

@article {SooSX14,
    AUTHOR = {Soodhalter, Kirk M. and Szyld, Daniel B. and Xue, Fei},
     TITLE = {Krylov subspace recycling for sequences of shifted linear
              systems},
   JOURNAL = {Appl. Numer. Math.},
  FJOURNAL = {Applied Numerical Mathematics. An IMACS Journal},
    VOLUME = {81},
      YEAR = {2014},
     PAGES = {105--118},
      ISSN = {0168-9274},
   MRCLASS = {65F10},
  MRNUMBER = {3212178},
MRREVIEWER = {Luigi Brugnano},
  %     DOI = {10.1016/j.apnum.2014.02.006},
       URL = {https://doi.org/10.1016/j.apnum.2014.02.006},
}


@article {CarFT16,
    AUTHOR = {Carlberg, Kevin and Forstall, Virginia and Tuminaro, Ray},
     TITLE = {Krylov-subspace recycling via the {POD}-augmented
              conjugate-gradient method},
   JOURNAL = {SIAM J. Matrix Anal. Appl.},
  FJOURNAL = {SIAM Journal on Matrix Analysis and Applications},
    VOLUME = {37},
      YEAR = {2016},
    NUMBER = {3},
     PAGES = {1304--1336},
      ISSN = {0895-4798},
   MRCLASS = {65F10 (65F15 65F50)},
  MRNUMBER = {3551209},
MRREVIEWER = {Marcel Schweitzer},
   %    DOI = {10.1137/16M1057693},
       URL = {https://doi.org/10.1137/16M1057693},
}

@article {AhuBS15,
    AUTHOR = {Ahuja, Kapil and Benner, Peter and de Sturler, Eric and Feng,
              Lihong},
     TITLE = {Recycling {B}i{CGSTAB} with an application to parametric model
              order reduction},
   JOURNAL = {SIAM J. Sci. Comput.},
  FJOURNAL = {SIAM Journal on Scientific Computing},
    VOLUME = {37},
      YEAR = {2015},
    NUMBER = {5},
     PAGES = {S429--S446},
      ISSN = {1064-8275},
   MRCLASS = {65F10},
  MRNUMBER = {3504558},
MRREVIEWER = {Beny Neta},
    %   DOI = {10.1137/140972433},
     %  URL = {https://doi.org/10.1137/140972433},
}


@article {AmrS15,
    AUTHOR = {Amritkar, Amit and de Sturler, Eric and \'{S}wirydowicz, Katarzyna
              and Tafti, Danesh and Ahuja, Kapil},
     TITLE = {Recycling {K}rylov subspaces for {CFD} applications and a new
              hybrid recycling solver},
   JOURNAL = {J. Comput. Phys.},
  FJOURNAL = {Journal of Computational Physics},
    VOLUME = {303},
      YEAR = {2015},
     PAGES = {222--237},
      ISSN = {0021-9991},
   MRCLASS = {65M22 (76D05)},
  MRNUMBER = {3422710},
     %  DOI = {10.1016/j.jcp.2015.09.040},
      % URL = {https://doi.org/10.1016/j.jcp.2015.09.040},
}

@article {AhuSG12,
    AUTHOR = {Ahuja, Kapil and de Sturler, Eric and Gugercin, Serkan and
              Chang, Eun R.},
     TITLE = {Recycling {B}i{CG} with an application to model reduction},
   JOURNAL = {SIAM J. Sci. Comput.},
  FJOURNAL = {SIAM Journal on Scientific Computing},
    VOLUME = {34},
      YEAR = {2012},
    NUMBER = {4},
     PAGES = {A1925--A1949},
      ISSN = {1064-8275},
   MRCLASS = {65F10 (65N22 93B11 93C05)},
  MRNUMBER = {2970391},
MRREVIEWER = {Ioana Chiorean},
      % DOI = {10.1137/100801500},
      % URL = {https://doi.org/10.1137/100801500},
}
	

%%%%%  GMRES convergence


@article {BroW97,
    AUTHOR = {Brown, Peter N. and Walker, Homer F.},
     TITLE = {G{MRES} on (nearly) singular systems},
   JOURNAL = {SIAM J. Matrix Anal. Appl.},
  FJOURNAL = {SIAM Journal on Matrix Analysis and Applications},
    VOLUME = {18},
      YEAR = {1997},
    NUMBER = {1},
     PAGES = {37--51},
      ISSN = {0895-4798},
   MRCLASS = {65F10},
  MRNUMBER = {1428197},
MRREVIEWER = {Xinguo Liu},
      % DOI = {10.1137/S0895479894262339},
      % URL = {https://doi.org/10.1137/S0895479894262339},
}



@article {HayS11,
    AUTHOR = {Hayami, Ken and Sugihara, Masaaki},
     TITLE = {A geometric view of {K}rylov subspace methods on singular
              systems},
   JOURNAL = {Numer. Linear Algebra Appl.},
  FJOURNAL = {Numerical Linear Algebra with Applications},
    VOLUME = {18},
      YEAR = {2011},
    NUMBER = {3},
     PAGES = {449--469},
      ISSN = {1070-5325},
   MRCLASS = {65F10 (65F08)},
  MRNUMBER = {2760063},
MRREVIEWER = {Ioana Chiorean},
       %DOI = {10.1002/nla.737},
       %URL = {https://doi.org/10.1002/nla.737},
}



@article {EieES00,
    AUTHOR = {Eiermann, Michael and Ernst, Oliver G. and Schneider, Olaf},
     TITLE = {Analysis of acceleration strategies for restarted minimal
              residual methods},
      NOTE = {Numerical analysis 2000, Vol. III. Linear algebra},
   JOURNAL = {J. Comput. Appl. Math.},
  FJOURNAL = {Journal of Computational and Applied Mathematics},
    VOLUME = {123},
      YEAR = {2000},
    NUMBER = {1-2},
     PAGES = {261--292},
      ISSN = {0377-0427},
   MRCLASS = {65F10 (65F15)},
  MRNUMBER = {1798529},
MRREVIEWER = {Arnold Reusken},
     %  DOI = {10.1016/S0377-0427(00)00398-8},
     %  URL = {https://doi.org/10.1016/S0377-0427(00)00398-8},
}


@article {DeSt96,
    AUTHOR = {de Sturler, E.},
     TITLE = {Nested {K}rylov methods based on {GCR}},
   JOURNAL = {J. Comput. Appl. Math.},
  FJOURNAL = {Journal of Computational and Applied Mathematics},
    VOLUME = {67},
      YEAR = {1996},
    NUMBER = {1},
     PAGES = {15--41},
      ISSN = {0377-0427},
   MRCLASS = {65F10},
  MRNUMBER = {1388135},
     %  DOI = {10.1016/0377-0427(94)00123-5},
     %  URL = {https://doi.org/10.1016/0377-0427(94)00123-5},
}

%%%%%%%%%% GMRES convergence 


@article {ManSB07,
    AUTHOR = {Mandel, Jan and Soused\'{i}k, Bed\v{r}ich},
     TITLE = {Adaptive selection of face coarse degrees of freedom in the
              {BDDC} and the {FETI}-{DP} iterative substructuring methods},
   JOURNAL = {Comput. Methods Appl. Mech. Engrg.},
  FJOURNAL = {Computer Methods in Applied Mechanics and Engineering},
    VOLUME = {196},
      YEAR = {2007},
    NUMBER = {8},
     PAGES = {1389--1399},
      ISSN = {0045-7825},
   MRCLASS = {65N55 (65N50 74S05)},
  MRNUMBER = {2277024},
MRREVIEWER = {R\u{a}zvan R\u{a}ducanu},
      % DOI = {10.1016/j.cma.2006.03.010},
      % URL = {https://doi.org/10.1016/j.cma.2006.03.010},
}
%%%%   Using deflation IN BBDC by U is build solving local generalizes eigenproblems


@article {SouBM13,
    AUTHOR = {Soused\'{i}k, Bed\v{r}ich and \v{S}\'{i}stek, Jakub and Mandel, Jan},
     TITLE = {Adaptive-multilevel {BDDC} and its parallel implementation},
   JOURNAL = {Computing},
  FJOURNAL = {Computing. Archives for Scientific Computing},
    VOLUME = {95},
      YEAR = {2013},
    NUMBER = {12},
     PAGES = {1087--1119},
      ISSN = {0010-485X},
   MRCLASS = {65N30 (65N55)},
  MRNUMBER = {3125603},
MRREVIEWER = {Marius Ghergu},
     %  DOI = {10.1007/s00607-013-0293-5},
     %  URL = {https://doi.org/10.1007/s00607-013-0293-5},
}

%%%%   Using deflation IN BBDC by U is build solving local generalizes eigenproblems

@article {SpiR13,
    AUTHOR = {Spillane, N. and Rixen, D. J.},
     TITLE = {Automatic spectral coarse spaces for robust finite element
              tearing and interconnecting and balanced domain decomposition
              algorithms},
   JOURNAL = {Internat. J. Numer. Methods Engrg.},
  FJOURNAL = {International Journal for Numerical Methods in Engineering},
    VOLUME = {95},
      YEAR = {2013},
    NUMBER = {11},
     PAGES = {953--990},
      ISSN = {0029-5981},
   MRCLASS = {65N30 (65N55)},
  MRNUMBER = {3093793},
MRREVIEWER = {Dietrich Braess},
     %  DOI = {10.1002/nme.4534},
     %  URL = {https://doi.org/10.1002/nme.4534},
}
%%%%   Using deflation IN BBDC by U is build solving local generalizes eigenproblems  method called GenEO


@article {KlaRR15, 
    AUTHOR = {Klawonn, A. and Radtke, P. and Rheinbach, O.},
     TITLE = {F{ETI}-{DP} methods with an adaptive coarse space},
   JOURNAL = {SIAM J. Numer. Anal.},
  FJOURNAL = {SIAM Journal on Numerical Analysis},
    VOLUME = {53},
      YEAR = {2015},
    NUMBER = {1},
     PAGES = {297--320},
      ISSN = {0036-1429},
   MRCLASS = {65N30 (65F10 65N55)},
  MRNUMBER = {3303686},
MRREVIEWER = {Marius Ghergu},
     %  DOI = {10.1137/130939675},
     %  URL = {https://doi.org/10.1137/130939675},
}

@article {KlaR12,
    AUTHOR = {Klawonn, Axel and Rheinbach, Oliver},
     TITLE = {Deflation, projector preconditioning, and balancing in
              iterative substructuring methods: connections and new results},
   JOURNAL = {SIAM J. Sci. Comput.},
  FJOURNAL = {SIAM Journal on Scientific Computing},
    VOLUME = {34},
      YEAR = {2012},
    NUMBER = {1},
     PAGES = {A459--A484},
      ISSN = {1064-8275},
   MRCLASS = {65N55 (65F08 65F10)},
  MRNUMBER = {2890273},
MRREVIEWER = {Abdeslem H. Bentbib},
     %  DOI = {10.1137/100811118},
     %  URL = {https://doi.org/10.1137/100811118},
}

@article {Man93,
    AUTHOR = {Mandel, Jan},
     TITLE = {Balancing domain decomposition},
   JOURNAL = {Comm. Numer. Methods Engrg.},
  FJOURNAL = {Communications in Numerical Methods in Engineering with
              Biomedical Applications},
    VOLUME = {9},
      YEAR = {1993},
    NUMBER = {3},
     PAGES = {233--241},
      ISSN = {1069-8299},
   MRCLASS = {65N55 (65F10)},
  MRNUMBER = {1208381},
     %  DOI = {10.1002/cnm.1640090307},
     %  URL = {https://doi.org/10.1002/cnm.1640090307},
}
@article {Ben02,
    AUTHOR = {Benzi, Michele},
     TITLE = {Preconditioning techniques for large linear systems: a survey},
   JOURNAL = {J. Comput. Phys.},
  FJOURNAL = {Journal of Computational Physics},
    VOLUME = {182},
      YEAR = {2002},
    NUMBER = {2},
     PAGES = {418--477},
      ISSN = {0021-9991},
   MRCLASS = {65F10 (65F50)},
  MRNUMBER = {1941848},
     %  DOI = {10.1006/jcph.2002.7176},
     %  URL = {https://doi.org/10.1006/jcph.2002.7176},
}
	

@article {BriG6,
    AUTHOR = {Bridson, Robert and Greif, Chen},
     TITLE = {A multipreconditioned conjugate gradient algorithm},
   JOURNAL = {SIAM J. Matrix Anal. Appl.},
  FJOURNAL = {SIAM Journal on Matrix Analysis and Applications},
    VOLUME = {27},
      YEAR = {2006},
    NUMBER = {4},
     PAGES = {1056--1068},
      ISSN = {0895-4798},
   MRCLASS = {65F10},
  MRNUMBER = {2205612},
       DOI = {10.1137/040620047},
       URL = {https://doi.org/10.1137/040620047},
}

@article {BakKLSS17,
    AUTHOR = {Bakhos, Tania and Kitanidis, Peter K. and Ladenheim, Scott and
              Saibaba, Arvind K. and Szyld, Daniel B.},
     TITLE = {Multipreconditioned {GMRES} for shifted systems},
   JOURNAL = {SIAM J. Sci. Comput.},
  FJOURNAL = {SIAM Journal on Scientific Computing},
    VOLUME = {39},
      YEAR = {2017},
    NUMBER = {5},
     PAGES = {S222--S247},
      ISSN = {1064-8275},
   MRCLASS = {65F10 (65F08 65F50)},
  MRNUMBER = {3716556},
MRREVIEWER = {Bruno Carpentieri},
       DOI = {10.1137/16M1068694},
       URL = {https://doi.org/10.1137/16M1068694},
}

@article {GreRS17,
    AUTHOR = {Greif, Chen and Rees, Tyrone and Szyld, Daniel B.},
     TITLE = {G{MRES} with multiple preconditioners},
   JOURNAL = {SeMA J.},
  FJOURNAL = {SeMA Journal. Boletin de la Sociedad Espan\~{n}ola de Matem\'{a}tica
              Aplicada},
    VOLUME = {74},
      YEAR = {2017},
    NUMBER = {2},
     PAGES = {213--231},
      ISSN = {2254-3902},
   MRCLASS = {65F10 (15A06 65F08)},
  MRNUMBER = {3656592},
MRREVIEWER = {A. Bultheel},
       DOI = {10.1007/s40324-016-0088-7},
       URL = {https://doi.org/10.1007/s40324-016-0088-7},
}


@article {Wen18,
    AUTHOR = {Wen, Chun and Huang, Ting-Zhu and Gu, Xian-Ming and Shen,
              Zhao-Li and Zhang, Hong-Fan and Liu, Chen},
     TITLE = {Multipreconditioned {GMRES} for simulating stochastic automata
              networks},
   JOURNAL = {Open Math.},
  FJOURNAL = {Open Mathematics},
    VOLUME = {16},
      YEAR = {2018},
     PAGES = {986--998},
      ISSN = {2391-5455},
   MRCLASS = {65F10 (90B15)},
  MRNUMBER = {3849687},
       DOI = {10.1515/math-2018-0083},
       URL = {https://doi.org/10.1515/math-2018-0083},
}




@article {BovGS17,
    AUTHOR = {Bovet, Christophe and Gosselet, Pierre and Spillane, Nicole},
     TITLE = {Multipreconditioning for nonsymmetric problems: the case of
              orthomin and bi{CG}},
   JOURNAL = {C. R. Math. Acad. Sci. Paris},
  FJOURNAL = {Comptes Rendus Math\'{e}matique. Acad\'{e}mie des Sciences. Paris},
    VOLUME = {355},
      YEAR = {2017},
    NUMBER = {3},
     PAGES = {354--358},
      ISSN = {1631-073X},
   MRCLASS = {65F08 (65F10)},
  MRNUMBER = {3621266},
MRREVIEWER = {Kees Vuik},
       DOI = {10.1016/j.crma.2017.01.010},
       URL = {https://doi.org/10.1016/j.crma.2017.01.010},
}




ARTICLE{BroW97,
  author = {Brown, Peter N. and Walker, Homer F.},
  title = {G{MRES} on (nearly) singular systems},
  journal = {SIAM J. Matrix Anal. Appl.},
  year = {1997},
  volume = {18},
  pages = {37--51},
  number = {1},
  coden = {SJMAEL},
%  doi = {10.1137/S0895479894262339},
  file = {BroW97.pdf:BroW97.pdf:PDF},
  fjournal = {SIAM Journal on Matrix Analysis and Applications},
  issn = {0895-4798},
  mrclass = {65F10},
  mrnumber = {1428197 (97m:65061)},
  mrreviewer = {Xinguo Liu}
}



@ARTICLE{ChaS97,
  author = {Chapman, Andrew and Saad, Yousef},
  title = {Deflated and augmented {K}rylov subspace techniques},
  journal = {Numer. Linear Algebra Appl.},
  year = {1997},
  volume = {4},
  pages = {43--66},
  number = {1},
  coden = {NLAAEM},
 % doi = {10.1002/(SICI)1099-1506(199701/02)4:1<43::AID-NLA99>3.3.CO;2-Q},
  file = {ChaS97.pdf:ChaS97.pdf:PDF},
  fjournal = {Numerical Linear Algebra with Applications},
  issn = {1070-5325},
  mrclass = {65F10},
  mrnumber = {1442463 (97m:65063)},
  mrreviewer = {Heike Fa{\ss}bender},
  review = {"There are several reasons why this strategy may seem unlikely to
	be helpful in realistic situations. First, for very large matrices,
	removing a small number of eigenvalues out of a very large number
	of them close to zero may seem to have a limited effect on the solver.
	Another argument is that difficulties are often caused by high non-normality
	rather than small eigenvalues. In the highly non-normal case, it
	is indeed unlikely that deflation methods will help significantly."}
}


@Article{Cle03WSW,
 Author = {M. Clemens and M. Wilke and R. Schuhmann and T. Weiland},
 Title = { Subspace projection extrapolation scheme for transient
 field simulations},
 Journal = {IEEE Transactions on Magnetics},
 Volume = 40,
 Year = 2004,
 Pages = {934--937}
 }




@ARTICLE{DarMW08,
  author = {Darnell, Dean and Morgan, Ronald B. and Wilcox, Walter},
  title = {Deflated {GMRES} for systems with multiple shifts and multiple right-hand
	sides},
  journal = {Linear Algebra Appl.},
  year = {2008},
  volume = {429},
  pages = {2415--2434},
  number = {10},
  coden = {LAAPAW},
%  doi = {10.1016/j.laa.2008.04.019},
  file = {DarMW08.pdf:DarMW08.pdf:PDF},
  fjournal = {Linear Algebra and its Applications},
  issn = {0024-3795},
  mrclass = {65F10 (81T25 81T80 81V05)},
  mrnumber = {2456787 (2009j:65084)}
}

@ARTICLE{Dos88,
  author = {Zden\v{e}k Dost\'{a}l},
  title = {Conjugate gradient method with preconditioning by projector},
  journal = {Int. J. Comput. Math.},
  year = {1988},
  volume = {23},
  pages = {315--323},
  number = {3},
 % doi = {10.1080/00207168808803625},
  file = {Dos88.pdf:Dos88.pdf:PDF},
  fjournal = {International Journal of Computer Mathematics},
  issn = {0020-7160}
}

@ARTICLE{EieES00,
  author = {Eiermann, Michael and Ernst, Oliver G. and Schneider, Olaf},
  title = {Analysis of acceleration strategies for restarted minimal residual
	methods},
  journal = {J. Comput. Appl. Math.},
  year = {2000},
  volume = {123},
  pages = {261--292},
  number = {1-2},
  coden = {JCAMDI},
 % doi = {10.1016/S0377-0427(00)00398-8},
  file = {EieES00.pdf:EieES00.pdf:PDF},
  fjournal = {Journal of Computational and Applied Mathematics},
  issn = {0377-0427},
  mrclass = {65F10 (65F15)},
  mrnumber = {1798529 (2001j:65051)},
  mrreviewer = {Arnold Reusken},
  optnote = {Numerical analysis 2000, Vol. III. Linear algebra},
  review = {general hilbert spaces,
	
	augmentation with direct sums}
%   url = {http://dx.doi.org/10.1016/S0377-0427(00)00398-8}
}

@ARTICLE{ErhBP96,
  author = {Erhel, Jocelyne and Burrage, Kevin and Pohl, Bert},
  title = {Restarted {GMRES} preconditioned by deflation},
  journal = {J. Comput. Appl. Math.},
  year = {1996},
  volume = {69},
  pages = {303--318},
  number = {2},
  coden = {JCAMDI},
 % doi = {10.1016/0377-0427(95)00047-X},
  file = {ErhBP96.pdf:ErhBP96.pdf:PDF},
  fjournal = {Journal of Computational and Applied Mathematics},
  issn = {0377-0427},
  mrclass = {65F10 (65F15)},
  mrnumber = {1395289 (97a:65035)}
 % url = {http://dx.doi.org/10.1016/0377-0427(95)00047-X}
}


@Article{ErhBP96,
  Title                    = {Restarted {GMRES} preconditioned by deflation},
  Author                   = {Erhel, Jocelyne and Burrage, Kevin and Pohl, Bert},
  Journal                  = {J. Comput. Appl. Math.},
  Year                     = {1996},
  Number                   = {2},
  Pages                    = {303--318},
  Volume                   = {69},

  Coden                    = {JCAMDI},
  Doi                      = {10.1016/0377-0427(95)00047-X},
  File                     = {ErhBP96.pdf:ErhBP96.pdf:PDF},
  Fjournal                 = {Journal of Computational and Applied Mathematics},
  ISSN                     = {0377-0427},
  Mrclass                  = {65F10 (65F15)},
  Mrnumber                 = {1395289 (97a:65035)},
  Url                      = {http://dx.doi.org/10.1016/0377-0427(95)00047-X}
}


@ARTICLE{ErhG00,
  author = {Erhel, Jocelyne and Guyomarc'h, Fr{\'e}d{\'e}ric},
  title = {An augmented conjugate gradient method for solving consecutive symmetric
	positive definite linear systems},
  journal = {SIAM J. Matrix Anal. Appl.},
  year = {2000},
  volume = {21},
  pages = {1279--1299 (electronic)},
  number = {4},
  abstract = {Many scientific applications require one to solve successively linear
	systems $Ax=b$ with different right-hand sides $b$ and a symmetric
	positive definite matrix $A$. The conjugate gradient method applied
	to the first system generates a Krylov subspace which can be efficiently
	recycled thanks to orthogonal projections in subsequent systems.
	A modified conjugate gradient method is then applied with a specific
	initial guess and initial descent direction and a modified descent
	direction during the iterations. This paper gives new theoretical
	results for this method and proposes a new version of it. Numerical
	experiments show the efficacy of our method even for quite different
	right-hand sides.},
 % doi = {10.1137/S0895479897330194},
  fjournal = {SIAM Journal on Matrix Analysis and Applications},
  issn = {0895-4798},
  mrclass = {65F30 (65F10)},
  mrnumber = {MR1780273 (2001d:65058)}
 % url = {http://dx.doi.org/10.1137/S0895479897330194}
}

@ARTICLE{ErlN08,
  author = {Erlangga, Yogi A. and Nabben, Reinhard},
  title = {Deflation and balancing preconditioners for {K}rylov subspace methods
	applied to nonsymmetric matrices},
  journal = {SIAM J. Matrix Anal. Appl.},
  year = {2008},
  volume = {30},
  pages = {684--699},
  number = {2},
%  doi = {10.1137/060678257},
  file = {ErlN08.pdf:ErlN08.pdf:PDF},
  fjournal = {SIAM Journal on Matrix Analysis and Applications},
  issn = {0895-4798},
  mrclass = {65F10 (65F50 65N22 65N55)},
  mrnumber = {2421465 (2009e:65056)},
  mrreviewer = {Daniele Bertaccini}
%  url = {http://dx.doi.org/10.1137/060678257}
}


@ARTICLE{ErlN08a,
  author = {Erlangga, Yogi A. and Nabben, Reinhard},
  title = {Multilevel projection-based nested {K}rylov iteration for boundary
	value problems},
  journal = {SIAM J. Sci. Comput.},
  year = {2008},
  volume = {30},
  pages = {1572--1595},
  number = {3},
%  doi = {10.1137/070684550},
  file = {ErlN08a.pdf:ErlN08a.pdf:PDF},
  fjournal = {SIAM Journal on Scientific Computing},
  issn = {1064-8275},
  mrclass = {65F10},
  mrnumber = {2398879 (2009d:65047)},
  mrreviewer = {Rafael J. Villanueva},
  owner = {gaul},
  timestamp = {2011.11.28}
 % url = {http://dx.doi.org/10.1137/070684550}
}


@ARTICLE{ErlN08b,
  author = {Erlangga, Yogi A. and Nabben, Reinhard},
  title = {On a multilevel {K}rylov method for the {H}elmholtz equation preconditioned
	by shifted {L}aplacian},
  journal = {Electron. Trans. Numer. Anal.},
  year = {2008},
  volume = {31},
  pages = {403--424},
  fjournal = {Electronic Transactions on Numerical Analysis},
  issn = {1068-9613},
  mrclass = {65F10 (65F08)},
  mrnumber = {2569611 (2011d:65082)},
  owner = {gaul},
  timestamp = {2011.11.28}
}

@article{Er09N,
  author  = {Y A Erlangga and R Nabben}, 
  title   = {Algebraic multilevel {Krylov} methods}, 
  journal = {SIAM J. Sci. Comput.}, 
  volume  = {31},
  year    = {2009},
  pages   = {3417--3437} }





@ARTICLE{FraV01,
  author = {Frank, J. and Vuik, C.},
  title = {On the construction of deflation-based preconditioners},
  journal = {SIAM J. Sci. Comput.},
  year = {2001},
  volume = {23},
  pages = {442--462 (electronic)},
  number = {2},
%  doi = {10.1137/S1064827500373231},
  file = {FraV01.pdf:FraV01.pdf:PDF},
  fjournal = {SIAM Journal on Scientific Computing},
  issn = {1064-8275},
  mrclass = {65F10 (65F50 65N22)},
  mrnumber = {1861259 (2002i:65034)},
  optnote = {Copper Mountain Conference (2000)}
%  url = {http://dx.doi.org/10.1137/S1064827500373231}
}


@article{GauGLN13,
author = {Gaul, Andr{\'e} and Gutknecht, Martin H and Liesen, J{\"o}rg and Nabben, Reinhard},
title = {{A framework for deflated and augmented Krylov subspace methods}},
journal = {SIAM. J. Matrix Anal. {\&} Appl.},
year = {2013},
volume = {34},
number = {2},
pages = {495--518}
}



@book{Gal04,
author = {Gal{\'a}ntai, Aur{\'e}l},
title = {{Projectors and Projection Methods}},
publisher = {Springer Science {\&} Business Media},
year = {2004}
}


@article{GarRN16,
  author  = {Garc{\'\i}a  Ramos, Luis and Nabben, Reinhard},
  title   = {On the Spectrum of Deflated Matrices with applications to the deflated shifted {Laplace} preconditioner for the {Helmholtz} equation },
  journal = {SIAM J. Matrix. Anal. Appl.},
  volume  = {39},
  pages   = {262--286}, 
  year    = {2018} }

@article{GarKN18,
  author  = {Garc{\'\i}a  Ramos, Luis and Kehl, Rene and Nabben, Reinhard},
  title   = {Projections, deflation and multigrid for non symmetric matrices},
  journal = {submitted},
  volume  = {},
  pages   = {}, 
  year    = {2018} }
  
@phdthesis{Gaul:diss,
author = {Gaul, Andr{\'e}},
title = {{Recycling Krylov Subspace Methods for Sequences of Linear Systems}},
year = {2014},
address = {Technische Universit{\"a}t Berlin}
}



@ARTICLE{GirGPV10,
  author = {Giraud, L. and Gratton, S. and Pinel, X. and Vasseur, X.},
  title = {Flexible {GMRES} with deflated restarting},
  journal = {SIAM J. Sci. Comput.},
  year = {2010},
  volume = {32},
  pages = {1858--1878},
  number = {4},
%  doi = {10.1137/080741847},
  file = {GirGPV10.pdf:GirGPV10.pdf:PDF},
  fjournal = {SIAM Journal on Scientific Computing},
  issn = {1064-8275},
  mrclass = {65F10},
  mrnumber = {2678082 (2011i:65054)},
  mrreviewer = {Syamal K. Sen},
  owner = {gaul},
  timestamp = {2011.11.14}
%  url = {http://dx.doi.org/10.1137/080741847}
}

@ARTICLE{GreS92,
  author = {Greenbaum, A. and Strako{\v{s}}, Z.},
  title = {Predicting the behavior of finite precision {L}anczos and conjugate
	gradient computations},
  journal = {SIAM J. Matrix Anal. Appl.},
  year = {1992},
  volume = {13},
  pages = {121--137},
  number = {1},
  coden = {SJMAEL},
 % doi = {10.1137/0613011},
  file = {GreS92.pdf:GreS92.pdf:PDF},
  fjournal = {SIAM Journal on Matrix Analysis and Applications},
  issn = {0895-4798},
  mrclass = {65F10 (65F15)},
  mrnumber = {1146656 (92j:65043)}
%  url = {http://dx.doi.org/10.1137/0613011}
}

@ARTICLE{Gut12,
  author = {Gutknecht, Martin H.},
  title = {Spectral deflation in {K}rylov solvers: a theory of coordinate space based methods},
  journal = {Electronic Transactions on Numerical Analysis} ,
  year = {2012},
 volume = {39},
  pages = {156--185},
  number = {}
}


@ARTICLE{Gut14,
  author = {Gutknecht, Martin H.},
  title = {Deflated and Augmented {K}rylov Subspace Methods: A Framework for Deflated {BiCG} and Related Solvers },
  journal = {SIAM J. Matrix Anal. Appl} ,
  year = {2014},
 volume = {35},
  pages = {1444--1466},
  number = {4}
}



@ARTICLE{Kaa88,
  author = {Kaasschieter, E. F.},
  title = {Preconditioned conjugate gradients for solving singular systems},
  journal = {J. Comput. Appl. Math.},
  year = {1988},
  volume = {24},
  pages = {265--275},
  number = {1-2},
  coden = {JCAMDI},
 % doi = {10.1016/0377-0427(88)90358-5},
  file = {Kaa88.pdf:Kaa88.pdf:PDF},
  fjournal = {Journal of Computational and Applied Mathematics},
  issn = {0377-0427},
  mrclass = {65F10 (65F35)},
  mrnumber = {976617 (90a:65067)},
  mrreviewer = {Paul S. Jensen},
  optnote = {Iterative methods for the solution of linear systems}
%  url = {http://dx.doi.org/10.1016/0377-0427(88)90358-5}
}



@article{KahR16,
author = {Kahl, Karsten and Rittich, Hendrik},
title = {{The deflated conjugate gradient method: Convergence, perturbation and accuracy}},
journal = {Lin. Alg. Appl},
year = {2016},
pages = {1--26},
month = nov
}





@ARTICLE{KhaY95,
  author = {Kharchenko, S. A. and Yeremin, A. Yu.},
  title = {Eigenvalue translation based preconditioners for the {${\rm GMRES}(k)$}
	method},
  journal = {Numer. Linear Algebra Appl.},
  year = {1995},
  volume = {2},
  pages = {51--77},
  number = {1},
  coden = {NLAAEM},
%  doi = {10.1002/nla.1680020105},
  file = {KhaY95.pdf:KhaY95.pdf:PDF},
  fjournal = {Numerical Linear Algebra with Applications},
  issn = {1070-5325},
  mrclass = {65F35 (65F50)},
  mrnumber = {1312130 (95i:65069)},
  owner = {gaul},
  timestamp = {2011.04.27}
%  url = {http://dx.doi.org/10.1002/nla.1680020105}
}

@ARTICLE{KlaR12,
  author = {Klawon, A and Rheinbach, Oliver},
  title = {Deflation, Projector Preconditioning, and Balancing in Iterative Substructuring Methods: Connections and New Results},
  journal = {SIAM J. Scientific Computing},
  year = {2012},
  volume = {34},
  pages = {A459-A484},
  number = {1}
%  url = {https://doi.org/10.1137/100811118}
}


@article {MR2211444,
    AUTHOR = {Kilmer, Misha E. and de Sturler, Eric},
     TITLE = {Recycling subspace information for diffuse optical tomography},
   JOURNAL = {SIAM J. Sci. Comput.},
    VOLUME = {27},
      YEAR = {2006},
     PAGES = {2140--2166},
}

@ARTICLE{Kol98,
  author = {Kolotilina, L. Y.},
  title = {Twofold deflation preconditioning of linear algebraic systems. {I}.
	{T}heory},
  journal = {J. Math. Sci.},
  year = {1998},
  volume = {89},
  pages = {1652-1689},
  note = {Translation of Russian original from 1995},
  annote = {{{\textless}p{\textgreater}States} that deflated {CG} was independently
	proposed by Nicolaides 87 and Dostal 88.{\textless}/p{\textgreater}},
%  doi = {10.1007/BF02355371},
  file = {Kol98.pdf:Kol98.pdf:PDF},
  fjournal = {Journal of Mathematical Sciences},
  issn = {1072-3374},
  issue = {6},
  keyword = {Mathematics and Statistics},
  publisher = {Springer New York}
%  url = {http://dx.doi.org/10.1007/BF02355371}
}

@ARTICLE{Lie00,
  author = {Liesen, J{\"o}rg},
  title = {Computable convergence bounds for {GMRES}},
  journal = {SIAM J. Matrix Anal. Appl.},
  year = {2000},
  volume = {21},
  pages = {882--903 (electronic)},
  number = {3},
%  doi = {10.1137/S0895479898341669},
  file = {Lie00.pdf:Lie00.pdf:PDF},
  fjournal = {SIAM Journal on Matrix Analysis and Applications},
  issn = {0895-4798},
  mrclass = {65F10},
  mrnumber = {1740878 (2001e:65050)},
  mrreviewer = {Zhenyue Zhang},
  owner = {gaul},
  timestamp = {2011.01.12}
%  url = {http://dx.doi.org/10.1137/S0895479898341669}
}


@book{LieS12,
author = {Liesen, J{\"o}rg and Strako{\v s}, Zden{\v e}k},
title = {{Krylov Subspace Methods}},
publisher = {Oxford University Press},
year = {2012},
series = {Principles and Analysis}
}



@article{Mandel93,
  author  = {J Mandel},
  title   = {Balancing domain decomposition},
  journal = {Comm. Numer. Methods Engrg.},
  year    = {1993},
  volume  = {9},
  pages   = {233--241} }



@ARTICLE{Man91,
  author = {Mansfield, Lois},
  title = {Damped {J}acobi preconditioning and coarse grid deflation for conjugate
	gradient iteration on parallel computers},
  journal = {SIAM J. Sci. Statist. Comput.},
  year = {1991},
  volume = {12},
  pages = {1314--1323},
  number = {6},
  coden = {SIJCD4},
%  doi = {10.1137/0912071},
  fjournal = {Society for Industrial and Applied Mathematics. Journal on Scientific
	and Statistical Computing},
  issn = {0196-5204},
  mrclass = {65F10 (65N22)},
  mrnumber = {1129648 (92f:65043)}
%  url = {http://dx.doi.org/10.1137/0912071}
}

@ARTICLE{Man90,
  author = {Mansfield, Lois},
  title = {On the conjugate gradient solution of the {S}chur complement system
	obtained from domain decomposition},
  journal = {SIAM J. Numer. Anal.},
  year = {1990},
  volume = {27},
  pages = {1612--1620},
  number = {6},
  coden = {SJNAAM},
 % doi = {10.1137/0727094},
  file = {Man90.pdf:Man90.pdf:PDF},
  fjournal = {SIAM Journal on Numerical Analysis},
  issn = {0036-1429},
  mrclass = {65F35 (65N55)},
  mrnumber = {1080341 (91i:65083)}
 % url = {http://dx.doi.org/10.1137/0727094}
}


@ARTICLE{Mor00,
  author = {Morgan, Ronald B.},
  title = {Implicitly restarted {GMRES} and {A}rnoldi methods for nonsymmetric
	systems of equations},
  journal = {SIAM J. Matrix Anal. Appl.},
  year = {2000},
  volume = {21},
  pages = {1112--1135},
  number = {4},
 % doi = {10.1137/S0895479897321362},
  file = {Mor00.pdf:Mor00.pdf:PDF},
  fjournal = {SIAM Journal on Matrix Analysis and Applications},
  issn = {0895-4798},
  mrclass = {65F10},
  mrnumber = {1745522 (2001a:65039)},
  mrreviewer = {Jin Yun Yuan}
%  url = {http://dx.doi.org/10.1137/S0895479897321362}
}

@ARTICLE{Mor05,
  author = {Morgan, Ronald B.},
  title = {Restarted block-{GMRES} with deflation of eigenvalues},
  journal = {Appl. Numer. Math.},
  year = {2005},
  volume = {54},
  pages = {222--236},
  number = {2},
  coden = {ANMAEL},
%  doi = {10.1016/j.apnum.2004.09.028},
  file = {Mor05.pdf:Mor05.pdf:PDF},
  fjournal = {Applied Numerical Mathematics. An IMACS Journal},
  issn = {0168-9274},
  mrclass = {65F10},
  mrnumber = {2148043 (2005m:65068)}
%  url = {http://dx.doi.org/10.1016/j.apnum.2004.09.028}
}

@ARTICLE{Mor02,
  author = {Morgan, Ronald B.},
  title = {G{MRES} with deflated restarting},
  journal = {SIAM J. Sci. Comput.},
  year = {2002},
  volume = {24},
  pages = {20--37 (electronic)},
  number = {1},
%  doi = {10.1137/S1064827599364659},
  file = {Mor02.pdf:Mor02.pdf:PDF},
  fjournal = {SIAM Journal on Scientific Computing},
  issn = {1064-8275},
  mrclass = {65F10 (15A06)},
  mrnumber = {1924413 (2003h:65040)}
%  url = {http://dx.doi.org/10.1137/S1064827599364659}
}

@ARTICLE{Mor00,
  author = {Morgan, Ronald B.},
  title = {Implicitly restarted {GMRES} and {A}rnoldi methods for nonsymmetric
	systems of equations},
  journal = {SIAM J. Matrix Anal. Appl.},
  year = {2000},
  volume = {21},
  pages = {1112--1135},
  number = {4},
%  doi = {10.1137/S0895479897321362},
  file = {Mor00.pdf:Mor00.pdf:PDF},
  fjournal = {SIAM Journal on Matrix Analysis and Applications},
  issn = {0895-4798},
  mrclass = {65F10},
  mrnumber = {1745522 (2001a:65039)},
  mrreviewer = {Jin Yun Yuan}
%  url = {http://dx.doi.org/10.1137/S0895479897321362}
}

@ARTICLE{Mor95,
  author = {Morgan, Ronald B.},
  title = {A restarted {GMRES} method augmented with eigenvectors},
  journal = {SIAM J. Matrix Anal. Appl.},
  year = {1995},
  volume = {16},
  pages = {1154--1171},
  number = {4},
  coden = {SJMAEL},
 % doi = {10.1137/S0895479893253975},
  file = {Mor95.pdf:Mor95.pdf:PDF},
  fjournal = {SIAM Journal on Matrix Analysis and Applications},
  issn = {0895-4798},
  mrclass = {65F10 (15A18)},
  mrnumber = {1351462 (96f:65037)},
  mrreviewer = {F. Szidarovszky}
 % url = {http://dx.doi.org/10.1137/S0895479893253975}
}

@ARTICLE{NabV08,
  author = {Nabben, R. and Vuik, C.},
  title = {A comparison of abstract versions of deflation, balancing and additive
	coarse grid correction preconditioners},
  journal = {Numer. Linear Algebra Appl.},
  year = {2008},
  volume = {15},
  pages = {355--372},
  number = {4},
  coden = {NLAAEM},
%  doi = {10.1002/nla.571},
  file = {NabV08.pdf:NabV08.pdf:PDF},
  fjournal = {Numerical Linear Algebra with Applications},
  issn = {1070-5325},
  mrclass = {65F10},
  mrnumber = {2413778 (2009e:65062)},
  mrreviewer = {Arnold Reusken}
%  url = {http://dx.doi.org/10.1002/nla.571}
}

@ARTICLE{NabV06,
  author = {Nabben, R. and Vuik, C.},
  title = {A comparison of deflation and the balancing preconditioner},
  journal = {SIAM J. Sci. Comput.},
  year = {2006},
  volume = {27},
  pages = {1742--1759 (electronic)},
  number = {5},
%  doi = {10.1137/040608246},
  file = {NabV06.pdf:NabV06.pdf:PDF},
  fjournal = {SIAM Journal on Scientific Computing},
  issn = {1064-8275},
  mrclass = {65F10 (65F35 65M55)},
  mrnumber = {2206512 (2006m:65070)},
  mrreviewer = {Gerard Awanou}
 % url = {http://dx.doi.org/10.1137/040608246}
}

@ARTICLE{NabV04,
  author = {Nabben, R. and Vuik, C.},
  title = {A comparison of deflation and coarse grid correction applied to porous
	media flow},
  journal = {SIAM J. Numer. Anal.},
  year = {2004},
  volume = {42},
  pages = {1631--1647 (electronic)},
  number = {4},
%  doi = {10.1137/S0036142903430451},
  file = {NabV04.pdf:NabV04.pdf:PDF},
  fjournal = {SIAM Journal on Numerical Analysis},
  issn = {0036-1429},
  mrclass = {65F10 (65F50 65N22 76S05)},
  mrnumber = {2114294 (2005k:65071)},
  mrreviewer = {Jian-Ping Zhu}
%  url = {http://dx.doi.org/10.1137/S0036142903430451}
}


@ARTICLE{Nic87,
  author = {Nicolaides, R. A.},
  title = {Deflation of conjugate gradients with applications to boundary value
	problems},
  journal = {SIAM J. Numer. Anal.},
  year = {1987},
  volume = {24},
  pages = {355--365},
  number = {2},
  coden = {SJNAAM},
 % doi = {10.1137/0724027},
  file = {Nic87.pdf:Nic87.pdf:PDF},
  fjournal = {SIAM Journal on Numerical Analysis},
  issn = {0036-1429},
  mrclass = {65B99 (65M10)},
  mrnumber = {881370 (88h:65016)},
  mrreviewer = {J. W. Neuberger}
 % url = {http://dx.doi.org/10.1137/0724027}
}



@article{Not10,
author = {Notay, Yvan},
title = {{Algebraic analysis of two-grid methods: The nonsymmetric case}},
journal = {Numer. Linear Algebra Appl. (NLAA)},
year = {2010},
volume = {17},
number = {1},
pages = {73--96},
month = jan
}

@article{Not15,
author = {Notay, Yvan},
title = {{Algebraic Theory of Two-Grid Methods}},
journal = {Numer. Math. Theory Methods Appl.},
year = {2015},
volume = {8},
number = {02},
pages = {168--198}
}


@article{Not18,
  Title            = {Analysis of two-grid methods: The nonnormal case },
  Author            = {Notay, Y.},
  journal       = {Universite Libre de Bruxelles, Brussels, Belgium},
  Year                     = {2018},
  volume                  = {},
  pages                  = {}
}

@ARTICLE{PadAP00,
  author = {Padiy, Alexander and Axelsson, Owe and Polman, Ben},
  title = {Generalized augmented matrix preconditioning approach and its application
	to iterative solution of ill-conditioned algebraic systems},
  journal = {SIAM J. Matrix Anal. Appl.},
  year = {2000},
  volume = {22},
  pages = {793--818 (electronic)},
  number = {3},
%  doi = {10.1137/S0895479899356754},
  file = {PadAP00.pdf:PadAP00.pdf:PDF},
  fjournal = {SIAM Journal on Matrix Analysis and Applications},
  issn = {0895-4798},
  mrclass = {65N22 (65F10 65F35)},
  mrnumber = {1789164 (2001j:65158)},
  mrreviewer = {David Scott Watkins}
%  url = {http://dx.doi.org/10.1137/S0895479899356754}
}


@article{ParStM06,
 author = {Michael L. Parks and Eric de Sturler and Greg Mackey and Duane D. Johnson and Spandan Maiti},
 title = {Recycling {K}rylov Subspaces for Sequences of Linear Systems},
 journal = {SIAM J. Sci. Comput.},
 volume = {28},
 number = {5},
 year = {2006},
 pages = {1651--1674},
 }

@BOOK{Saa03,
  title = {Iterative methods for sparse linear systems},
  publisher = {Society for Industrial and Applied Mathematics},
  year = {2003},
  author = {Saad, Yousef},
  pages = {xviii+528},
  address = {Philadelphia, PA},
  edition = {Second},
  file = {Saa03.pdf:Saa03.pdf:PDF},
  isbn = {0-89871-534-2},
  mrclass = {65-01 (65F10 65F50)},
  mrnumber = {1990645 (2004h:65002)},
  mrreviewer = {Arnold Reusken},
  owner = {gaul},
  timestamp = {2011.10.10}
}

@ARTICLE{Saa97,
  author = {Saad, Yousef},
  title = {Analysis of augmented {K}rylov subspace methods},
  journal = {SIAM J. Matrix Anal. Appl.},
  year = {1997},
  volume = {18},
  pages = {435--449},
  number = {2},
  coden = {SJMAEL},
%  doi = {10.1137/S0895479895294289},
  file = {Saa97.pdf:Saa97.pdf:PDF},
  fjournal = {SIAM Journal on Matrix Analysis and Applications},
  issn = {0895-4798},
  mrclass = {65F10},
  mrnumber = {1437341 (98c:65054)},
  mrreviewer = {A. Barraud}
%  url = {http://dx.doi.org/10.1137/S0895479895294289}
}

@ARTICLE{SaaS86,
  author = {Saad, Youcef and Schultz, Martin H.},
  title = {G{MRES}: a generalized minimal residual algorithm for solving nonsymmetric
	linear systems},
  journal = {SIAM J. Sci. Statist. Comput.},
  year = {1986},
  volume = {7},
  pages = {856--869},
  number = {3},
  coden = {SIJCD4},
%  doi = {10.1137/0907058},
  fjournal = {Society for Industrial and Applied Mathematics. Journal on Scientific
	and Statistical Computing},
  issn = {0196-5204},
  mrclass = {65F50 (65F10)},
  mrnumber = {848568 (87g:65064)}
 % url = {http://dx.doi.org/10.1137/0907058}
}

@article{SaaYEG00,
  author = {Saad, Y. and Yeung, M. and Erhel, J. and Guyomarc'h, F.},
  title = {A deflated version of the conjugate gradient algorithm},
  journal = {SIAM J. Sci. Comput.},
  year = {2000},
  volume = {21},
  pages = {1909--1926 (electronic)},
  number = {5},
%  doi = {10.1137/S1064829598339761},
  file = {SaaYEG00.pdf:SaaYEG00.pdf:PDF},
  fjournal = {SIAM Journal on Scientific Computing},
  issn = {1064-8275},
  mrclass = {65F10 (65F30)},
  mrnumber = {1766015 (2001e:65053)},
  optnote = {Iterative methods for solving systems of algebraic equations (Copper
	Mountain, CO, 1998)}
%  url = {http://dx.doi.org/10.1137/S1064829598339761}
}




@article{SheLGNV16,
author = {Sheikh, Abdul H and Lahaye, Domenico and Garc{\'\i}a Ramos, Luis and Nabben, Reinhard and Vuik, Cornelis},
title = {{Accelerating the shifted Laplace preconditioner for the Helmholtz equation by multilevel deflation}},
journal = {Journal of Computational Physics},
year = {2016},
volume = {322},
pages = {473--490},
month = oct
}



@article{SheLV13,
author = {Sheikh, Abdul H and Lahaye, Domenico and Vuik, Cornelis},
title = {{On the convergence of shifted Laplace preconditioner combined with multilevel deflation}},
journal = {Numerical Linear Algebra with Applications},
year = {2013},
volume = {20},
number = {4},
pages = {645--662},
month = {apr}
}

@Article{SifEM13,
  Title                    = {G{MRES} {C}onvergence for {P}erturbed {C}oefficient {M}atrices, with {A}pplication to {A}pproximate {D}eflation {P}reconditioning},
  Author                   = {Sifuentes, Josef A. and Embree, Mark and Morgan, Ronald B.},
  Journal                  = {SIAM J. Matrix Anal. Appl.},
  Year                     = {2013},
  Number                   = {3},
  Pages                    = {1066--1088},
  Volume                   = {34},

  Coden                    = {SJMAEL},
  Doi                      = {10.1137/120884328},
  File                     = {SifEM13.pdf:SifEM13.pdf:PDF},
  Fjournal                 = {SIAM Journal on Matrix Analysis and Applications},
  ISSN                     = {0895-4798},
  Mrclass                  = {Preliminary Data},
  Mrnumber                 = {3079320},
  Url                      = {http://dx.doi.org/10.1137/120884328}
}



@ARTICLE{SimS07,
  author = {Simoncini, Valeria and Szyld, Daniel B.},
  title = {Recent computational developments in {K}rylov subspace methods for
	linear systems},
  journal = {Numer. Linear Algebra Appl.},
  year = {2007},
  volume = {14},
  pages = {1--59},
  number = {1},
  coden = {NLAAEM},
%  doi = {10.1002/nla.499},
  file = {SimS07.pdf:SimS07.pdf:PDF},
  fjournal = {Numerical Linear Algebra with Applications},
  issn = {1070-5325},
  mrclass = {65F10},
  mrnumber = {2289520 (2008c:65095)},
  mrreviewer = {R. P. Tewarson},
  owner = {gaul},
  timestamp = {2011.11.08}
 % url = {http://dx.doi.org/10.1002/nla.499}
}

@ARTICLE{Spi16,
  author = {Spillane, Nicole},
  title = {An Adaptive MultiPreconditioned Conjugate Gradient Algorithm},
  journal = {SIAM J. Scientific Computing},
  year = {2016},
  volume = {38},
  pages = {A1896-A1918},
  number = {3}
  }



@ARTICLE{TanMNV10,
  author = {J. M. Tang and S. P. MacLachlan and R. Nabben and C. Vuik},
  title = {A Comparison of Two-Level Preconditioners Based on Multigrid and
	Deflation},
  journal = {SIAM J. Matrix Anal. Appl.},
  year = {2010},
  volume = {31},
  pages = {1715-1739},
  number = {4},
%  doi = {10.1137/08072084X},
  file = {TanMNV10.pdf:TanMNV10.pdf:PDF},
  fjournal = {SIAM Journal on Matrix Analysis and Applications},
  keywords = {deflation; domain decomposition; multigrid; conjugate gradients; two-grid
	schemes; SPD matrices; two-level preconditioning},
  publisher = {SIAM}
 % url = {http://link.aip.org/link/?SML/31/1715/1}
}

@ARTICLE{TanNVE09,
  author = {Tang, J. M. and Nabben, R. and Vuik, C. and Erlangga, Y. A.},
  title = {Comparison of two-level preconditioners derived from deflation, domain
	decomposition and multigrid methods},
  journal = {J. Sci. Comput.},
  year = {2009},
  volume = {39},
  pages = {340--370},
  number = {3},
  coden = {JSCOEB},
%  doi = {10.1007/s10915-009-9272-6},
  file = {TanNVE09.pdf:TanNVE09.pdf:PDF},
  fjournal = {Journal of Scientific Computing},
  issn = {0885-7474},
  mrclass = {65F10 (65F08)},
  mrnumber = {2506657 (2010d:65082)},
  mrreviewer = {David Scott Watkins}
%  url = {http://dx.doi.org/10.1007/s10915-009-9272-6}
}

@TECHREPORT{TanNVE07,
  author = {{J.M.} Tang and R. Nabben and C. Vuik and {Y.A.} Erlangga},
  title = {Theoretical and numerical comparison of various projection methods
	derived from deflation, domain decomposition and multigrid methods},
  institution = {Delft University of Technology, Delft Institute of Applied Mathematics},
  year = {2007},
  type = {Report},
  number = {07-04},
  address = {Delft},
  file = {TanNVE07.pdf:TanNVE07.pdf:PDF}
}


@book{Toss05W,
  author  = {A Tosseli and O Widlund},
  title   = {Domain decomposition methods},
  publisher = {Springer-Verlag},
  address = {Berlin},
  year    = {2005} }


@INPROCEEDINGS{VuiNT06,
  author = {C. Vuik and R. Nabben and J. Tang},
  title = {Deflation acceleration for domain decomposition preconditioners},
  booktitle = {Proceedings of the 8th European Multigrid Conference September 27-30,
	2005 Scheveningen The Hague, The Netherlands},
  year = {2006},
  editor = {P. Wesseling and {C.W.} Oosterlee and P. Hemker},
  address = {Delft},
  publisher = {{TU} Delft},
  file = {VuiNT06.pdf:VuiNT06.pdf:PDF}
}

@TECHREPORT{YeuTV10,
  author = {M.C. Yeung and J.M. Tang and C. Vuik},
  title = {On the Convergence of {GMRES} with Invariant-Subspace Deflation},
  institution = {Delft University of Technology, Delft Institute of Applied Mathematics},
  year = {2010},
  type = {Report},
  number = {10-14},
  address = {Delft},
  file = {YeuTV10.pdf:YeuTV10.pdf:PDF},
  owner = {gaul},
  timestamp = {2011.02.21}
}

